@book{GoodfellowDeeplearning,
    title={Deep Learning},
    author={Ian Goodfellow and Yoshua Bengio and Aaron Courville},
    publisher={MIT Press},
    note={\url{http://www.deeplearningbook.org}},
    year={2016}
}

@misc{weight_quantization,
    title={Introduction to Weight Quantization},
    author={Aisuko Bowen},
    howpublished = {\url{https://www.kaggle.com/code/aisuko/introduction-to-weight-quantization}},
    year={2024}
}

@misc{bfloat,
    title={BFloat16: The secret to high performance on Cloud TPUs},
    author={Shibo Wange, Pankaj Kanwar},
    howpublished = {\url{https://cloud.google.com/blog/products/ai-machine-learning/bfloat16-the-secret-to-high-performance-on-cloud-tpus}},
    year={2019}
}

